<?xml version="1.0" encoding="UTF-8"?><collection xmlns="http://www.loc.gov/MARC21/slim"><record><leader>00485nam--2200133-i-4500</leader><controlfield tag="001">000041313</controlfield><controlfield tag="002">20161230</controlfield><controlfield tag="005">20161230201043</controlfield><controlfield tag="008">060222s1000------------r-----000-0-eng-d</controlfield><datafield ind1=" " ind2=" " tag="080"><subfield code="a">541.28(043):539.2(043)</subfield></datafield><datafield ind1=" " ind2=" " tag="100"><subfield code="a">Sette-camara,Alexandre O.R</subfield></datafield><datafield ind1=" " ind2=" " tag="245"><subfield code="a">Etude paar correlation angulaire perturbee du cpuplage statique et dynamique du 181 ta dans quelques composes fluores du hafnium. these</subfield></datafield><datafield ind1=" " ind2=" " tag="260"><subfield code="a">Grenoble, Univ.Scientifique Et Medicale De Grenoble, 1971. 54 P</subfield></datafield><datafield ind1=" " ind2=" " tag="852"><subfield code="a">40407</subfield></datafield></record></collection>